%!TEX root = Main.tex
%For references

@techreport{tech_report_example,
    Author = {Some author},
    Date-Added = {2014-02-12},
    Date-Modified = {2014-02-12},
    Institution = {Aalborg University},
    Month = {February},
    Number = {8},
    Title = {The fat group - The making of a great game},
    Year = {2015}
}

@manual{manual_example,
    Date-Added = {2014-02-12},
    Date-Modified = {2014-02-12},
    Organization = {The fat group},
    Title = {How to make a great game},
    Year = {2015}
}

@article{article_example,
    Author = {The fat group},
    Date-Added = {2014-02-12},
    Date-Modified = {2014-02-12},
    Journal = {Great games illustrated},
    Number = {1},
    Pages = {80},
    Title = {On how great games are made},
    Volume = {27},
    Year = {2015}
}

@book{book_example,
    Author = {You get the idea},
    Date-Added = {2014-02-12},
    Date-Modified = {2014-02-12},
    Publisher = {Publisher},
    Read = {1},
    Title = {Game engines disected},
    Year = {2015},
    Edition = {1.}
}

@misc{misc_example,
    Howpublished = {\url{http://some.url.com}},
    Key = {Website name},
    Note = {Accessed: 12-02-2015},
    Title = {{Page name}},
    Year = {2015}
}
